<record xmlns="http://www.loc.gov/MARC21/slim" xmlns:xsi="http://www.w3.org/2001/XMLSchema-instance" xsi:schemaLocation="http://www.loc.gov/MARC21/slim http://www.loc.gov/standards/marcxml/schema/MARC21slim.xsd"><leader>     nam a22        4500</leader><controlfield tag="001">001627209</controlfield><controlfield tag="003">NNU</controlfield><controlfield tag="006">m        d        </controlfield><controlfield tag="007">cr cn |||m|||a</controlfield><controlfield tag="008">150313s1958    iq h    ob    001 0bara d</controlfield><datafield ind1=" " ind2=" " tag="040"><subfield code="a">NNU</subfield><subfield code="b">eng</subfield><subfield code="c">NNU</subfield></datafield><datafield ind1=" " ind2="4" tag="050"><subfield code="a">BP80.A545</subfield><subfield code="b">A99 1958</subfield></datafield><datafield ind1=" " ind2=" " tag="066"><subfield code="c">(3</subfield></datafield><datafield ind1=" " ind2=" " tag="090"><subfield code="a">BP80.A545</subfield><subfield code="b">A99 1958</subfield></datafield><datafield ind1="1" ind2=" " tag="100"><subfield code="6">880-01</subfield><subfield code="a">&#699;Azz&#257;w&#299;, &#699;Abb&#257;s</subfield></datafield><datafield ind1="1" ind2="0" tag="245"><subfield code="6">880-02</subfield><subfield code="a">Dhikr&#225; Ab&#299; al-Than&#257;&#700; al-Al&#363;s&#299;</subfield><subfield code="h">[electronic resource] :</subfield><subfield code="b">&#699;a&#7779;rihi wa-mujtama&#699;ihi wa-&#7717;ay&#257;tihi al-&#699;ilm&#299;yah wa-al-adab&#299;yah wa-al-t&#257;r&#299;kh&#299;yah wa-al-siy&#257;s&#299;yah wa-mu&#700;allaf&#257;tih /</subfield><subfield code="c">bi-qalam &#699;Abb&#257;s al-&#699;Azz&#257;w&#299;.</subfield></datafield><datafield ind1="1" ind2="5" tag="246"><subfield code="a">Memorial of Abul Thana&#700; al-Aloussi, Mufti of Baghdad</subfield></datafield><datafield ind1=" " ind2=" " tag="260"><subfield code="6">880-03</subfield><subfield code="a">al-&#7778;&#257;li&#7717;&#299;yah, Baghd&#257;d :</subfield><subfield code="b">Sharikat al-Tij&#257;rah wa-al-&#7788;ib&#257;&#699;ah,</subfield><subfield code="c">1958.</subfield></datafield><datafield ind1=" " ind2=" " tag="300"><subfield code="a">online resource (116 p.) :</subfield><subfield code="b">facsims.</subfield></datafield><datafield ind1=" " ind2=" " tag="500"><subfield code="a">Part of the Arabic Collections Online (ACO) project, contributed by New York Univeristy Libraries.</subfield></datafield><datafield ind1=" " ind2=" " tag="504"><subfield code="a">Includes bibliographical references (p. 96-98) and indexes.</subfield></datafield><datafield ind1=" " ind2=" " tag="533"><subfield code="a">Electronic reproduction.</subfield><subfield code="b">New York, N.Y. :</subfield><subfield code="c">New York University,</subfield><subfield code="d">2015.</subfield><subfield code="5">NNU</subfield></datafield><datafield ind1="1" ind2="0" tag="600"><subfield code="a">&#256;l&#363;s&#299;, Ma&#7717;m&#363;d ibn &#699;Abd All&#257;h,</subfield><subfield code="d">1802 or 3-1853 or 4.</subfield></datafield><datafield ind1="2" ind2=" " tag="710"><subfield code="a">New York University.</subfield><subfield code="b">Libraries.</subfield></datafield><datafield ind1="0" ind2=" " tag="730"><subfield code="a">Arabic Collections Online.</subfield></datafield><datafield ind1="0" ind2="8" tag="776"><subfield code="i">Print version:</subfield><subfield code="a">&#699;Azz&#257;w&#299;, &#699;Abb&#257;s 880-01</subfield><subfield code="t">Dhikr&#225; Ab&#299; al-Than&#257;&#700; al-Al&#363;s&#299;</subfield><subfield code="w">(NNU)001627209</subfield></datafield><datafield ind1="4" ind2="0" tag="856"><subfield code="u">http://hdl.handle.net/2333.1/7d7wm5mv</subfield></datafield><datafield ind1="1" ind2=" " tag="880"><subfield code="6">100-01/</subfield><subfield code="a">&#1593;&#1586;&#1575;&#1608;&#1610;&#1548; &#1593;&#1576;&#1575;&#1587;.</subfield></datafield><datafield ind1="1" ind2="0" tag="880"><subfield code="6">245-02/</subfield><subfield code="a">&#1584;&#1603;&#1585;&#1609; &#1571;&#1576;&#1610; &#1575;&#1604;&#1579;&#1606;&#1575;&#1569; &#1575;&#1604;&#1571;&#1604;&#1608;&#1587;&#1610; :</subfield><subfield code="b">&#1593;&#1589;&#1585;&#1607; &#1608;&#1605;&#1580;&#1578;&#1605;&#1593;&#1607; &#1608;&#1581;&#1610;&#1575;&#1578;&#1607; &#1575;&#1604;&#1593;&#1604;&#1605;&#1610;&#1577; &#1608;&#1575;&#1604;&#1571;&#1583;&#1576;&#1610;&#1577; &#1608;&#1575;&#1604;&#1578;&#1575;&#1585;&#1610;&#1582;&#1610;&#1577; &#1608;&#1575;&#1604;&#1587;&#1610;&#1575;&#1587;&#1610;&#1577; &#1608;&#1605;&#1572;&#1604;&#1601;&#1575;&#1578;&#1607; /</subfield><subfield code="c">&#1576;&#1602;&#1604;&#1605; &#1593;&#1576;&#1575;&#1587; &#1575;&#1604;&#1593;&#1586;&#1575;&#1608;&#1610;.</subfield></datafield><datafield ind1=" " ind2=" " tag="880"><subfield code="6">260-03/</subfield><subfield code="a">&#1575;&#1604;&#1589;&#1575;&#1604;&#1581;&#1610;&#1577;&#1548; &#1576;&#1594;&#1583;&#1575;&#1583; :</subfield><subfield code="b">&#1588;&#1585;&#1603;&#1577; &#1575;&#1604;&#1578;&#1580;&#1575;&#1585;&#1577; &#1608;&#1575;&#1604;&#1591;&#1576;&#1575;&#1593;&#1577;&#1548;</subfield><subfield code="c">&#1633;&#1641;&#1637;&#1640;.</subfield></datafield><datafield ind1=" " ind2=" " tag="959"><subfield code="a">NNU</subfield><subfield code="b">WEB</subfield><subfield code="c">GENI</subfield><subfield code="t">0</subfield><subfield code="m">Electronic access</subfield><subfield code="s">01</subfield></datafield><datafield ind1=" " ind2=" " tag="999"><subfield code="i">NNU_001627209</subfield><subfield code="s">nyu_aco000628</subfield><subfield code="e">(ERROR-880)</subfield></datafield></record>